% -*- coding: utf-8 -*-

@article{taibi2017processes,
  title={Processes, motivations, and issues for migrating to microservices architectures: An empirical investigation},
  author={Taibi, Davide and Lenarduzzi, Valentina and Pahl, Claus},
  journal={IEEE Cloud Computing},
  volume={4},
  number={5},
  pages={22--32},
  year={2017},
  publisher={IEEE}
}

@online{Microservices,
  title={Microservices},
  citedate={2021-04-15},
  url={https://www.martinfowler.com/articles/microservices.html},
  author={J. Lewi and M. Fowler},
  year={2014}
}

@article{balalaie2016microservices,
  title={Microservices architecture enables devops: Migration to a cloud-native architecture},
  author={Balalaie, Armin and Heydarnoori, Abbas and Jamshidi, Pooyan},
  journal={Ieee Software},
  volume={33},
  number={3},
  pages={42--52},
  year={2016},
  publisher={IEEE}
}

@article{bucchiarone2018monolithic,
  title={From monolithic to microservices: An experience report from the banking domain},
  author={Bucchiarone, Antonio and Dragoni, Nicola and Dustdar, Schahram and Larsen, Stephan T and Mazzara, Manuel},
  journal={Ieee Software},
  volume={35},
  number={3},
  pages={50--55},
  year={2018},
  publisher={IEEE}
}

@inproceedings{taibi2018architectural,
  title={Architectural Patterns for Microservices: A Systematic Mapping Study.},
  author={Taibi, Davide and Lenarduzzi, Valentina and Pahl, Claus},
  booktitle={CLOSER},
  pages={221--232},
  year={2018}
}